<record xmlns='http://www.loc.gov/MARC21/slim'><leader>03224cam a2200613 a 4500</leader><controlfield tag='005'>20230121074151.0</controlfield><controlfield tag='008'>950306t19951995waua     b    000 0 eng  </controlfield><controlfield tag='001'>991033609439703811</controlfield><datafield ind1=' ' ind2=' ' tag='010'><subfield code='a'>94036846</subfield></datafield><datafield ind1=' ' ind2=' ' tag='020'><subfield code='a'>0941920291</subfield></datafield><datafield ind1=' ' ind2=' ' tag='035'><subfield code='a'>(PPT)b16900017-01tuli_inst</subfield></datafield><datafield ind1=' ' ind2=' ' tag='035'><subfield code='a'>PATG95-B12306</subfield></datafield><datafield ind1=' ' ind2=' ' tag='035'><subfield code='a'>(OCoLC)31243239</subfield></datafield><datafield ind1=' ' ind2=' ' tag='040'><subfield code='a'>DLC</subfield><subfield code='b'>eng</subfield><subfield code='c'>DLC</subfield><subfield code='d'>PPT</subfield></datafield><datafield ind1=' ' ind2=' ' tag='079'><subfield code='a'>ocm31243239</subfield></datafield><datafield ind1=' ' ind2=' ' tag='090'><subfield code='a'>NX650.P6B88 1995</subfield></datafield><datafield ind1='0' ind2='0' tag='245'><subfield code='a'>But is it art? :</subfield><subfield code='b'>the spirit of art as activism /</subfield><subfield code='c'>edited by Nina Felshin.</subfield></datafield><datafield ind1=' ' ind2='1' tag='264'><subfield code='a'>Seattle :</subfield><subfield code='b'>Bay Press,</subfield><subfield code='c'>[1995]</subfield></datafield><datafield ind1=' ' ind2='4' tag='264'><subfield code='c'>©1995</subfield></datafield><datafield ind1=' ' ind2=' ' tag='300'><subfield code='a'>412 pages :</subfield><subfield code='b'>illustrations ;</subfield><subfield code='c'>23 cm</subfield></datafield><datafield ind1=' ' ind2=' ' tag='336'><subfield code='a'>text</subfield><subfield code='b'>txt</subfield><subfield code='2'>rdacontent</subfield></datafield><datafield ind1=' ' ind2=' ' tag='337'><subfield code='a'>unmediated</subfield><subfield code='b'>n</subfield><subfield code='2'>rdamedia</subfield></datafield><datafield ind1=' ' ind2=' ' tag='338'><subfield code='a'>volume</subfield><subfield code='b'>nc</subfield><subfield code='2'>rdacarrier</subfield></datafield><datafield ind1=' ' ind2=' ' tag='504'><subfield code='a'>Includes bibliographical references.</subfield></datafield><datafield ind1=' ' ind2=' ' tag='520'><subfield code='a'>But Is It Art? is a groundbreaking anthology about the recent explosion of art that agitates for progressive social change. Featured are the works of twelve leading and controversial activist artists including the Guerrilla Girls, Gran Fury, Group Material, Women&apos;s Action Coalition, and the Artist and Homeless Collaborative. In critically and visually engaging essays, the contributors explore the provocative methods and practices of activist-artists who engage their audiences to become collaborators in an effort to stimulate thoughtful questioning, action, and, ultimately, social change.</subfield></datafield><datafield ind1=' ' ind2='0' tag='650'><subfield code='a'>Arts</subfield><subfield code='x'>Political aspects.</subfield><subfield code='0'>https://id.loc.gov/authorities/subjects/sh2009113916</subfield></datafield><datafield ind1=' ' ind2='7' tag='650'><subfield code='a'>Arts</subfield><subfield code='x'>Political aspects.</subfield><subfield code='2'>fast</subfield><subfield code='0'>https://id.worldcat.org/fast/817791</subfield></datafield><datafield ind1=' ' ind2='0' tag='650'><subfield code='a'>Politics in art.</subfield><subfield code='0'>https://id.loc.gov/authorities/subjects/sh85104472</subfield></datafield><datafield ind1=' ' ind2='7' tag='650'><subfield code='a'>Politics in art.</subfield><subfield code='2'>fast</subfield><subfield code='0'>https://id.worldcat.org/fast/1896083</subfield></datafield><datafield ind1=' ' ind2='0' tag='650'><subfield code='a'>Social problems in art.</subfield><subfield code='0'>https://id.loc.gov/authorities/subjects/sh85123989</subfield></datafield><datafield ind1=' ' ind2='7' tag='650'><subfield code='a'>Social problems in art.</subfield><subfield code='2'>fast</subfield><subfield code='0'>https://id.worldcat.org/fast/1122805</subfield></datafield><datafield ind1=' ' ind2='0' tag='650'><subfield code='a'>Mass media and the arts.</subfield><subfield code='0'>https://id.loc.gov/authorities/subjects/sh85081890</subfield></datafield><datafield ind1=' ' ind2='7' tag='650'><subfield code='a'>Mass media and the arts.</subfield><subfield code='2'>fast</subfield><subfield code='0'>https://id.worldcat.org/fast/1011374</subfield></datafield><datafield ind1=' ' ind2='0' tag='650'><subfield code='a'>Performance art.</subfield><subfield code='0'>https://id.loc.gov/authorities/subjects/sh85099809</subfield></datafield><datafield ind1=' ' ind2='7' tag='650'><subfield code='a'>Performance art.</subfield><subfield code='2'>fast</subfield><subfield code='0'>https://id.worldcat.org/fast/1057852</subfield></datafield><datafield ind1=' ' ind2='0' tag='650'><subfield code='a'>Artists and community.</subfield><subfield code='0'>https://id.loc.gov/authorities/subjects/sh85008298</subfield></datafield><datafield ind1=' ' ind2='7' tag='650'><subfield code='a'>Artists and community.</subfield><subfield code='2'>fast</subfield><subfield code='0'>https://id.worldcat.org/fast/817635</subfield></datafield><datafield ind1=' ' ind2='0' tag='650'><subfield code='a'>Arts, Modern</subfield><subfield code='y'>20th century.</subfield><subfield code='0'>https://id.loc.gov/authorities/subjects/sh85008419</subfield></datafield><datafield ind1=' ' ind2='7' tag='650'><subfield code='a'>Arts, Modern.</subfield><subfield code='2'>fast</subfield><subfield code='0'>https://id.worldcat.org/fast/818137</subfield></datafield><datafield ind1=' ' ind2='7' tag='648'><subfield code='a'>20th century</subfield><subfield code='2'>fast</subfield></datafield><datafield ind1='1' ind2=' ' tag='700'><subfield code='a'>Felshin, Nina.</subfield><subfield code='0'>https://id.loc.gov/authorities/names/n84005415</subfield></datafield><datafield ind1=' ' ind2=' ' tag='902'><subfield code='a'>MARCIVE-BF 20190703</subfield></datafield><datafield ind1=' ' ind2=' ' tag='903'><subfield code='a'>MARCIVE-TOC201904</subfield></datafield><datafield ind1=' ' ind2=' ' tag='904'><subfield code='a'>MARCIVE-TEUM 20231204</subfield></datafield><datafield ind1=' ' ind2=' ' tag='907'><subfield code='a'>.b16900017</subfield><subfield code='b'>p    </subfield><subfield code='c'>-</subfield></datafield><datafield ind1=' ' ind2=' ' tag='935'><subfield code='a'>00751264</subfield></datafield><datafield ind1=' ' ind2=' ' tag='945'><subfield code='l'>pstk </subfield><subfield code='g'>1</subfield></datafield><datafield ind1=' ' ind2=' ' tag='950'><subfield code='l'>P</subfield><subfield code='i'>08/02/95 N</subfield><subfield code='h'>03/06/95 N</subfield></datafield><datafield ind1=' ' ind2=' ' tag='950'><subfield code='l'>TYL</subfield><subfield code='i'>08/02/95 N  855:sl</subfield></datafield><datafield ind1=' ' ind2=' ' tag='955'><subfield code='l'>P</subfield><subfield code='c'>0</subfield><subfield code='r'>39074010363851</subfield><subfield code='h'>03/06/95 C</subfield></datafield><datafield ind1=' ' ind2=' ' tag='955'><subfield code='l'>TYL</subfield><subfield code='c'>0</subfield><subfield code='r'>39074010141687</subfield><subfield code='i'>08/02/95 C</subfield></datafield><datafield ind1=' ' ind2=' ' tag='979'><subfield code='a'>ocm31243239</subfield></datafield><datafield ind1=' ' ind2=' ' tag='998'><subfield code='b'>2</subfield><subfield code='c'>990101</subfield><subfield code='d'>m</subfield><subfield code='e'>a</subfield><subfield code='f'>-</subfield><subfield code='g'>0</subfield></datafield><datafield ind1=' ' ind2=' ' tag='998'><subfield code='a'>08/02/95</subfield><subfield code='t'>c</subfield><subfield code='s'>9110</subfield><subfield code='l'>PATG</subfield><subfield code='n'>PPT</subfield><subfield code='w'>DCLC9436846B</subfield><subfield code='d'>03/06/95</subfield><subfield code='b'>SN</subfield><subfield code='h'>950306</subfield></datafield><datafield ind1=' ' ind2=' ' tag='ADM'><subfield code='b'>2025-03-24 08:38:32</subfield><subfield code='e'>b16900017-01tuli_inst</subfield><subfield code='d'>MARCIVE</subfield><subfield code='f'>20230121074151.0</subfield><subfield code='a'>2017-06-20 08:27:24</subfield><subfield code='c'>false</subfield></datafield><datafield ind1='0' ind2=' ' tag='HLD'><subfield code='b'>ASRS</subfield><subfield code='c'>ASRS</subfield><subfield code='h'> NX650.P6B88 1995 </subfield><subfield code='8'>22466939430003811</subfield><subfield code='updated'>2019-05-10 21:04:56</subfield><subfield code='created'>2019-05-10 21:04:53</subfield></datafield><datafield ind1='0' ind2=' ' tag='HLD'><subfield code='b'>MAIN</subfield><subfield code='c'>stacks</subfield><subfield code='h'>NX650.P6B88 1995</subfield><subfield code='8'>22282237500003811</subfield><subfield code='created'>2017-06-20 08:27:24</subfield></datafield><datafield ind1=' ' ind2=' ' tag='ITM'><subfield code='r'>22466939430003811</subfield><subfield code='b'>1</subfield><subfield code='h'>0</subfield><subfield code='g'>ASRS</subfield><subfield code='t'>BOOK</subfield><subfield code='9'>39074028018133</subfield><subfield code='e'>ASRS</subfield><subfield code='8'>23282237490003811</subfield><subfield code='a'>0</subfield><subfield code='i'>NX650.P6B88 1995</subfield><subfield code='updated'>2021-11-16 16:38:56</subfield><subfield code='q'>1999-02-03 00:00:00</subfield><subfield code='d'>ASRS</subfield><subfield code='f'>ASRS</subfield></datafield><datafield ind1=' ' ind2=' ' tag='ITM'><subfield code='r'>22282237500003811</subfield><subfield code='b'>1</subfield><subfield code='h'>0</subfield><subfield code='g'>stacks</subfield><subfield code='t'>BOOK</subfield><subfield code='9'>39074027870120</subfield><subfield code='e'>stacks</subfield><subfield code='8'>23282237480003811</subfield><subfield code='a'>0</subfield><subfield code='i'>NX650.P6B88 1995</subfield><subfield code='updated'>2019-12-17 23:28:27</subfield><subfield code='q'>1999-02-03 00:00:00</subfield><subfield code='d'>MAIN</subfield><subfield code='f'>MAIN</subfield></datafield></record>